<record><leader>00000cas a22000007a 4500</leader><controlfield tag="001">15239714</controlfield><controlfield tag="008">870225d19511951inuwr ne      0    0eng d</controlfield><datafield ind1=" " ind2=" " tag="010"><subfield code="a">sn 87055142 </subfield></datafield><datafield ind1=" " ind2=" " tag="040"><subfield code="a">NPI</subfield><subfield code="b">eng</subfield><subfield code="c">NPI</subfield><subfield code="d">OCLCQ</subfield></datafield><datafield ind1="0" ind2="4" tag="245"><subfield code="a">The Wabash Valley pictorial press.</subfield></datafield><datafield ind1=" " ind2=" " tag="260"><subfield code="a">Montezuma, Ind. :</subfield><subfield code="b">Max Harvey,</subfield><subfield code="c">1951.</subfield></datafield><datafield ind1=" " ind2=" " tag="310"><subfield code="a">Weekly</subfield></datafield><datafield ind1="0" ind2=" " tag="362"><subfield code="a">Vol. 1, no. 1 (Feb. 27, 1951)-v. 1, no. 44 (Dec. 26, 1951).</subfield></datafield><datafield ind1=" " ind2=" " tag="752"><subfield code="a">United States</subfield><subfield code="b">Indiana</subfield><subfield code="c">Parke</subfield><subfield code="d">Montezuma.</subfield></datafield><datafield ind1="0" ind2="7" tag="785"><subfield code="t">Montezuma enterprise</subfield><subfield code="w">(DLC)sn 87055146</subfield></datafield><datafield ind1="0" ind2="7" tag="785"><subfield code="t">Pictorial press (Montezuma, Ind.)</subfield><subfield code="w">(DLC)sn 87055143</subfield></datafield></record>